@article{Example,
    title = "Example of title",
    journal = "Whatever journal",
    year = "2023",
    url = "http://www.randomSite.com",
    author = "Eventual author and author OTHER and Author LAST",
}