@article{Source, title={Source Text}, volume={1}, ISSN={1111-1111}, journal={A Journal}, publisher={A Publisher}, author={Jhon Doe}, year={2023}, pages={999} }
